@book{Bladen2017,
  abstract        = {Contemporary events management is a diverse and challenging field. This introductory textbook fully explores the multidisciplinary nature of events management and provides the student with all the practical skills and professional knowledge they need in order to succeed in the events industry. It introduces every core functional area of events management, such as marketing, finance, project management, strategy, operations, event design and human resources, in a vast array of different event settings from sport to political events.},
  author          = {Bladen, Charles and Kennell, James and Abson, Emma and Wilde, Nick},
  edition         = {2nd Editio},
  isbn            = {978-1138907041},
  mendeley-groups = {Bachelor-Arbeit},
  publisher       = {Routledge},
  title           = {{Events Management: An Introduction}},
  year            = {2017}
}

@misc{Canzler2021,
  author          = {Canzler, Raimund and Heinke, Katrin and Mundt, Katharina and Wortmann, Rafael},
  keywords        = {A-Frame,Augmented Reality,EMI-Award,Gamification,Website},
  mendeley-groups = {Bachelor-Arbeit},
  title           = {{EMI-Award-App}},
  url             = {https://app.emi-award.de/},
  urldate         = {2021-11-3},
  year            = {2021}
}

@misc{UniversitatzuLubeck2021,
  author  = {{Universit{\"{a}}t zu L{\"{u}}beck}},
  title   = {{EMI-Award: Universit{\"{a}}t zu L{\"{u}}beck}},
  url     = {https://www.uni-luebeck.de/emi-award.html},
  urldate = {2021-11-10},
  year    = {2021}
}
